% This file was created with JabRef 2.4.
% Encoding: Cp1252

@INPROCEEDINGS{butlerCPR04fences,
  author = {Zack J. Butler and Peter I. Corke and Ronald A. Peterson and Daniela
	Rus},
  title = {Virtual Fences for Controlling Cows},
  booktitle = {Proceedings of the 2004 IEEE International Conference on Robotics
	and Automation (ICRA)},
  year = {2004},
  pages = {4429-4436},
  address = {New Orleans, LA, USA},
  month = {April 26--May 1,},
  publisher = {IEEE},
  bibsource = {DBLP, http://dblp.uni-trier.de},
  crossref = {DBLP:conf/icra/2004},
  ee = {http://dx.doi.org/10.1109/ROBOT.2004.1302415}
}
